<?xml version="1.0" encoding="UTF-8"?><collection xmlns="http://www.loc.gov/MARC21/slim"><record><leader>00583nam--2200169-u-4500</leader><controlfield tag="001">000054893</controlfield><controlfield tag="002">20161230</controlfield><controlfield tag="005">20161230201051</controlfield><controlfield tag="008">120626s1000------------r-----000-0-eng-d</controlfield><datafield ind1=" " ind2=" " tag="040"><subfield code="a">IFIN-HH</subfield></datafield><datafield ind1=" " ind2=" " tag="080"><subfield code="a">539.17(061.3)</subfield></datafield><datafield ind1="1" ind2=" " tag="100"><subfield code="a">Zipf, Martha C</subfield></datafield><datafield ind1="1" ind2="0" tag="245"><subfield code="a">Weak interactions at high energy and the production of new particles</subfield><subfield code="b">Proceedings of summer institute on particle physics august 2-13 1976 slac report no 198</subfield><subfield code="c">Martha c. zipf (ed.)</subfield></datafield><datafield ind1=" " ind2=" " tag="260"><subfield code="a">Stanford, California</subfield><subfield code="b">Stanford University</subfield><subfield code="c">1976</subfield></datafield><datafield ind1=" " ind2=" " tag="300"><subfield code="a">489P</subfield></datafield><datafield ind1=" " ind2=" " tag="852"><subfield code="a">78967</subfield><subfield code="c">539.17</subfield></datafield><datafield ind1=" " ind2=" " tag="CAT"><subfield code="a">Sys</subfield><subfield code="c">20120626</subfield><subfield code="h">164600</subfield></datafield></record></collection>